@book{linnhoff2017digital,
  title={Digital Marketplaces Unleashed},
  author={Linnhoff-Popien, Claudia and Schneider, Ralf and Zaddach, Michael},
  year={2017},
  publisher={Springer}
}

@article{zachary1977information,
  title={An information flow model for conflict and fission in small groups},
  author={Zachary, Wayne W},
  journal={Journal of anthropological research},
  volume={33},
  number={4},
  pages={452--473},
  year={1977},
  publisher={University of New Mexico}
}

@article{uesato18,
  author    = {Uesato, Jonathan and Kumar, Ananya and Szepesv{\'{a}}ri, Csaba and Erez, Tom and Ruderman, Avraham and Anderson, Keith and Dvijotham, Krishnamurthy and Heess, Nicolas and Kohli, Pushmeet},
  title     = {Rigorous Agent Evaluation: An Adversarial Approach to Uncover Catastrophic Failures},
  journal   = {CoRR},
  volume    = {abs/1812.01647},
  year      = {2018}
}

@inproceedings{gabor2019,
  author    = {Gabor, Thomas and Sedlmeier, Andreas and Kiermeier, Marie and Phan, Thomy and Henrich, Marcel and Picklmair, Monika and Kempter, Bernhard and Klein, Cornel and Sauer, Host and Schmid, Reiner and Wieghardt, Jan},
  title     = {Scenario Co-Evolution for Reinforcement Learning on a GridWorld Smart Factory Domain},
  booktitle    = {28th Genetic and Evolutionary Computation Conference (GECCO â€™19)},
  year      = {2019}
}

@article{MachineLearningAtScale,
	author = {Kurakin, Alexey and Goodfellow, Ian and Bengio, Samy},
	title = {{Adversarial Machine Learning at Scale}},
	journal = {arXiv},
	year = {2016},
	month = {Nov},
	eprint = {1611.01236},
	url = {https://arxiv.org/abs/1611.01236}
}

@article{harnessing_goodfellow,
	author = {Goodfellow, Ian J. and Shlens, Jonathon and Szegedy, Christian},
	title = {{Explaining and Harnessing Adversarial Examples}},
	journal = {arXiv},
	year = {2014},
	month = {Dec},
	eprint = {1412.6572},
	url = {https://arxiv.org/abs/1412.6572}
}

@article{selfplay-heinrich,
	author = {Heinrich, Johannes and Silver, David},
	title = {{Deep Reinforcement Learning from Self-Play in Imperfect-Information Games}},
	journal = {arXiv},
	year = {2016},
	month = {Mar},
	eprint = {1603.01121},
	url = {https://arxiv.org/abs/1603.01121}
}

@article{environmentBansal2017Oct,
	author = {Bansal, Trapit and Pachocki, Jakub and Sidor, Szymon and Sutskever, Ilya and Mordatch, Igor},
	title = {{Emergent Complexity via Multi-Agent Competition}},
	journal = {arXiv},
	year = {2017},
	month = {Oct},
	eprint = {1710.03748},
	url = {https://arxiv.org/abs/1710.03748}
}

@article{robustPinto2017Mar,
	author = {Pinto, Lerrel and Davidson, James and Sukthankar, Rahul and Gupta, Abhinav},
	title = {{Robust Adversarial Reinforcement Learning}},
	journal = {arXiv},
	year = {2017},
	month = {Mar},
	eprint = {1703.02702},
	url = {https://arxiv.org/abs/1703.02702}
}

@techreport{multiuther1997adversarial,
  title={Adversarial reinforcement learning},
  author={Uther, William and Veloso, Manuela},
  year={1997},
  institution={Technical report, Carnegie Mellon University, 1997. Unpublished}
}

@inproceedings{multiuther1997generalizing,
  title={Generalizing adversarial reinforcement learning},
  author={Uther, William TB and Veloso, Manuela M},
  booktitle={Proceedings of the AAAI Fall Symposium on Model Directed Autonomous Systems},
  volume={206},
  year={1997},
  organization={Citeseer}
}

@inproceedings{boyan1995generalization,
  title={Generalization in reinforcement learning: Safely approximating the value function},
  author={Boyan, Justin A and Moore, Andrew W},
  booktitle={Advances in neural information processing systems},
  pages={369--376},
  year={1995}
}

@article{tetrisRovatsou2010May,
	author = {Rovatsou, Maria and Lagoudakis, Michail G.},
	title = {{Minimax Search and Reinforcement Learning for Adversarial Tetris}},
	journal = {SpringerLink},
	pages = {417--422},
	year = {2010},
	month = {May},
	publisher = {Springer, Berlin, Heidelberg},
	doi = {10.1007/978-3-642-12842-4_53}
}

@article{animationwampler2010character,
  title={Character animation in two-player adversarial games},
  author={Wampler, Kevin and Andersen, Erik and Herbst, Evan and Lee, Yongjoon and Popovi{\'c}, Zoran},
  journal={ACM Transactions on Graphics (TOG)},
  volume={29},
  number={3},
  pages={26},
  year={2010},
  publisher={ACM}
}

@article{roboticstone1998towards,
  title={Towards collaborative and adversarial learning: A case study in robotic soccer},
  author={Stone, Peter and Veloso, Manuela},
  journal={International Journal of Human-Computer Studies},
  volume={48},
  number={1},
  pages={83--104},
  year={1998},
  publisher={Elsevier}
}

@article{GoalphaGosilver2017mastering,
  title={Mastering the game of go without human knowledge},
  author={Silver, David and Schrittwieser, Julian and Simonyan, Karen and Antonoglou, Ioannis and Huang, Aja and Guez, Arthur and Hubert, Thomas and Baker, Lucas and Lai, Matthew and Bolton, Adrian and others},
  journal={Nature},
  volume={550},
  number={7676},
  pages={354},
  year={2017},
  publisher={Nature Publishing Group}
}

@article{chessSilver2017mastering,
  title={Mastering chess and shogi by self-play with a general reinforcement learning algorithm},
  author={Silver, David and Hubert, Thomas and Schrittwieser, Julian and Antonoglou, Ioannis and Lai, Matthew and Guez, Arthur and Lanctot, Marc and Sifre, Laurent and Kumaran, Dharshan and Graepel, Thore and others},
  journal={arXiv preprint arXiv:1712.01815},
  year={2017}
}

@article{montecarlobrowne2012survey,
  title={A survey of monte carlo tree search methods},
  author={Browne, Cameron B and Powley, Edward and Whitehouse, Daniel and Lucas, Simon M and Cowling, Peter I and Rohlfshagen, Philipp and Tavener, Stephen and Perez, Diego and Samothrakis, Spyridon and Colton, Simon},
  journal={IEEE Transactions on Computational Intelligence and AI in games},
  volume={4},
  number={1},
  pages={1--43},
  year={2012},
  publisher={IEEE}
}

@misc{dotaOpenAI2019Jun,
	author = {OpenAI},
	title = {{OpenAI Five}},
	journal = {OpenAI},
	year = {2019},
	month = {Jun},
	publisher = {OpenAI},
	note = {[Online; accessed 16. Jun. 2019]},
	url = {https://openai.com/five}
}

@article{ppoSchulman2019Mar,
	author = {Schulman, John},
	title = {{Proximal Policy Optimization}},
	journal = {OpenAI},
	year = {2019},
	month = {Mar},
	publisher = {OpenAI},
    note = {[Online; accessed 16. Jun. 2019]}
	url = {https://openai.com/blog/openai-baselines-ppo}
}