@article{astroGANSchawinski2017Feb,
	author = {Schawinski, Kevin and Zhang, Ce and Zhang, Hantian and Fowler, Lucas and Santhanam, Gokula Krishnan},
	title = {{Generative Adversarial Networks recover features in astrophysical images of galaxies beyond the deconvolution limit}},
	journal = {arXiv},
	year = {2017},
	month = {Feb},
	eprint = {1702.00403},
	doi = {10.1093/mnrasl/slx008}
}

@inproceedings{styletransferhuang2017arbitrary,
  title={Arbitrary style transfer in real-time with adaptive instance normalization},
  author={Huang, Xun and Belongie, Serge},
  booktitle={Proceedings of the IEEE International Conference on Computer Vision},
  pages={1501--1510},
  year={2017}
}

@article{watkins1989learning,
  title={Learning from delayed rewards},
  author={Watkins, Christopher John Cornish Hellaby},
  year={1989},
  publisher={King's College, Cambridge}
}

@article{watkins1992q,
  title={Q-learning},
  author={Watkins, Christopher JCH and Dayan, Peter},
  journal={Machine learning},
  volume={8},
  number={3-4},
  pages={279--292},
  year={1992},
  publisher={Springer}
}

@article{baker2016designing,
  title={Designing neural network architectures using reinforcement learning},
  author={Baker, Bowen and Gupta, Otkrist and Naik, Nikhil and Raskar, Ramesh},
  journal={arXiv preprint arXiv:1611.02167},
  year={2016}
}

@article{roboticstone1998towards,
  title={Towards collaborative and adversarial learning: A case study in robotic soccer},
  author={Stone, Peter and Veloso, Manuela},
  journal={International Journal of Human-Computer Studies},
  volume={48},
  number={1},
  pages={83--104},
  year={1998},
  publisher={Elsevier}
}

@article{GoalphaGosilver2017mastering,
  title={Mastering the game of go without human knowledge},
  author={Silver, David and Schrittwieser, Julian and Simonyan, Karen and Antonoglou, Ioannis and Huang, Aja and Guez, Arthur and Hubert, Thomas and Baker, Lucas and Lai, Matthew and Bolton, Adrian and others},
  journal={Nature},
  volume={550},
  number={7676},
  pages={354},
  year={2017},
  publisher={Nature Publishing Group}
}

@article{chessSilver2017mastering,
  title={Mastering chess and shogi by self-play with a general reinforcement learning algorithm},
  author={Silver, David and Hubert, Thomas and Schrittwieser, Julian and Antonoglou, Ioannis and Lai, Matthew and Guez, Arthur and Lanctot, Marc and Sifre, Laurent and Kumaran, Dharshan and Graepel, Thore and others},
  journal={arXiv preprint arXiv:1712.01815},
  year={2017}
}

@article{montecarlobrowne2012survey,
  title={A survey of monte carlo tree search methods},
  author={Browne, Cameron B and Powley, Edward and Whitehouse, Daniel and Lucas, Simon M and Cowling, Peter I and Rohlfshagen, Philipp and Tavener, Stephen and Perez, Diego and Samothrakis, Spyridon and Colton, Simon},
  journal={IEEE Transactions on Computational Intelligence and AI in games},
  volume={4},
  number={1},
  pages={1--43},
  year={2012},
  publisher={IEEE}
}

@misc{dotaOpenAI2019Jun,
	author = {OpenAI},
	title = {{OpenAI Five}},
	journal = {OpenAI},
	year = {2019},
	month = {Jun},
	publisher = {OpenAI},
	note = {[Online; accessed 16. Jun. 2019]},
	url = {https://openai.com/five}
}

@article{ppoSchulman2019Mar,
	author = {Schulman, John},
	title = {{Proximal Policy Optimization}},
	journal = {OpenAI},
	year = {2019},
	month = {Mar},
	publisher = {OpenAI},
    note = {[Online; accessed 16. Jun. 2019]}
	url = {https://openai.com/blog/openai-baselines-ppo}
}

@inproceedings{TDGammontesauro1992practical,
  title={Practical issues in temporal difference learning},
  author={Tesauro, Gerald},
  booktitle={Advances in neural information processing systems},
  pages={259--266},
  year={1992}
}

@article{TD2Gammontesauro1995temporal,
  title={Temporal difference learning and TD-Gammon},
  author={Tesauro, Gerald},
  journal={Communications of the ACM},
  volume={38},
  number={3},
  pages={58--68},
  year={1995}
}

@incollection{basics1littman1994markov,
  title={Markov games as a framework for multi-agent reinforcement learning},
  author={Littman, Michael L},
  booktitle={Machine learning proceedings 1994},
  pages={157--163},
  year={1994},
  publisher={Elsevier}
}

@inproceedings{basics2hu1998multiagent,
  title={Multiagent reinforcement learning: theoretical framework and an algorithm.},
  author={Hu, Junling and Wellman, Michael P and others},
  booktitle={ICML},
  volume={98},
  pages={242--250},
  year={1998},
  organization={Citeseer}
}

@article{nashgharesifard2013distributed,
  title={Distributed convergence to Nash equilibria in two-network zero-sum games},
  author={Gharesifard, Bahman and Cort{\'e}s, Jorge},
  journal={Automatica},
  volume={49},
  number={6},
  pages={1683--1692},
  year={2013},
  publisher={Elsevier}
}

@inproceedings{gansgoodfellow2014generative,
  title={Generative adversarial nets},
  author={Goodfellow, Ian and Pouget-Abadie, Jean and Mirza, Mehdi and Xu, Bing and Warde-Farley, David and Ozair, Sherjil and Courville, Aaron and Bengio, Yoshua},
  booktitle={Advances in neural information processing systems},
  pages={2672--2680},
  year={2014}
}

@article{nvidiaThisPersonDoesNotExistKarras2018Dec,
	author = {Karras, Tero and Laine, Samuli and Aila, Timo},
	title = {{A Style-Based Generator Architecture for Generative Adversarial Networks}},
	journal = {arXiv},
	year = {2018},
	month = {Dec},
	eprint = {1812.04948},
	url = {https://arxiv.org/abs/1812.04948}
}

@article{resolutionGANWang2018Sep,
	author = {Wang, Xintao and Yu, Ke and Wu, Shixiang and Gu, Jinjin and Liu, Yihao and Dong, Chao and Loy, Chen Change and Qiao, Yu and Tang, Xiaoou},
	title = {{ESRGAN: Enhanced Super-Resolution Generative Adversarial Networks}},
	journal = {arXiv},
	year = {2018},
	month = {Sep},
	eprint = {1809.00219},
	url = {https://arxiv.org/abs/1809.00219v2}
}

@inproceedings{pattanaik2018robust,
  title={Robust deep reinforcement learning with adversarial attacks},
  author={Pattanaik, Anay and Tang, Zhenyi and Liu, Shuijing and Bommannan, Gautham and Chowdhary, Girish},
  booktitle={Proceedings of the 17th International Conference on Autonomous Agents and MultiAgent Systems},
  pages={2040--2042},
  year={2018},
  organization={International Foundation for Autonomous Agents and Multiagent Systems}
}